@misc{example,
	title        = {\emph{GAME}},
	author       = {{Developer}},
	year         = {y},
	month        = {m},
	day          = {d},
	publisher    = {Pub},
	address      = {example},
	note         = {Publisher, Address. Last played Mon Year.},
	howpublished = {Game [platforms]}
}

@misc{acvalhalla,
	title        = {\emph{Assassin's Creed Valhalla}},
	author       = {{Ubisoft}},
	year         = 2020
}
@misc{amongus,
	title        = {\emph{Among Us}},
	author       = {{Innersloth}},
	year         = 2018,
	month        = {June},
	day          = 15,
	publisher    = {Innersloth},
	address      = {Washington, USA},
	note         = {Innersloth, Washington, USA.},
	howpublished = {Game [Android, iOS, Windows, Nintendo Switch, PlayStation 4, PlayStation 5, Xbox One, Xbox Series X/S]}
}
@misc{apetopia,
	title        = {\emph{Apetopia}},
	author       = {{University of Berlin}},
	year         = 2013,
	note         = {\texttt{\url{http://apetopia.visual-computing.com/}}},
	howpublished = {Game [Web Browser]}
}
@misc{artgame,
	title        = {\emph{Art Game}},
	author       = {{Pippin Barr}},
	year         = 2013,
	note         = {\textt{\url{https://pippinbarr.com/art-game/info/}}},
	howpublished = {Game [Flash]}
}
@misc{beforeyoureyes,
	title        = {\emph{Before Your Eyes}},
	author       = {{Skybound Games}},
	year         = 2021
}
@misc{bioshock,
	title        = {\emph{BioShock}},
	author       = {{2K Boston}},
	year         = 2007,
	month        = {August},
	day          = 21,
	publisher    = {2K Games},
	address      = {Boston, USA},
	note         = {2K Games, California, USA},
	howpublished = {Game [Windows, Xbox 360, PlayStation 3, macOS, iOS]}
}
@misc{braid,
	title        = {\emph{Braid}},
	author       = {{Number None}},
	year         = 2008,
	month        = {August},
	day          = 6,
	publisher    = {{Number None}, {Microsoft Game Studios}},
	address      = {California, USA},
	note         = {Number None, California, USA},
	howpublished = {Game [Xbox 360, Windows, macOS, Linux, PlayStation 3]}
}
@misc{breathofthewild,
	title        = {\emph{The Legend of Zelda: Breath of the Wild}},
	author       = {{Nintendo EPD}},
	year         = 2017,
	month        = {March},
	day          = 3,
	publisher    = {Nintendo Co. Ltd.},
	address      = {Kyoto, Japan},
	note         = {Nintendo Co. Ltd., Kyoto, Japan},
	howpublished = {Game [Nintendo Switch, Wii U]}
}
@misc{cancercrusade,
	title        = {\emph{Cancer Crusade}},
	author       = {{Moffitt Cancer Center}},
	year         = 2018,
	note         = {\texttt{\url{https://cancercrusadegame.com/}}},
	howpublished = {Game [iOS, Android}
}
@misc{celeste,
	title        = {\emph{Celeste}},
	author       = {{Extremely OK Games}},
	year         = 2018
}
@misc{cheapgolf,
	title        = {\emph{Cheap Golf}},
	author       = {{PixelJAM Games}},
	year         = 2017
}
@misc{colonyb,
	title        = {\emph{Colony B}},
	author       = {{McGill University}},
	year         = 2018,
	note         = {\texttt{\url{http://csb.cs.mcgill.ca/colonyb/}}},
	howpublished = {Game [iOS, Android}
}
@misc{darkroomsexgame,
	title        = {\emph{Dark Room Sex Game}},
	author       = {{Students at the IT University of Copenhagen for the Nordic Game Jam}},
	year         = 2008,
	month        = {February},
	address      = {Copenhagen, Denmark},
	howpublished = {Game [Windows, MacOS]}
}
@misc{darksouls,
	title        = {\emph{Dark Souls}},
	author       = {{FromSoftware}},
	year         = 2011,
	month        = {September},
	day          = 22,
	publisher    = {Namco Bandai Games},
	address      = {Tokyo, Japan},
	note         = {Namco Bandai Games, Tokyo, Japan},
	howpublished = {Game [PlayStation 3, Xbox 360, Windows, PlayStation 4, Xbox One, Nintendo Switch]}
}
@misc{decodoku,
	title        = {\emph{Decodoku}},
	author       = {{NCCR QSIT, University of Basel}},
	year         = 2016,
	note         = {\texttt{\url{http://www.decodoku.com/}}},
	howpublished = {Game [Web Browser, iOS, Android]}
}
@misc{devotion,
	title        = {\emph{Devotion}},
	author       = {{Red Candle Games}},
	year         = 2019
}
@misc{discoelysium,
	title        = {\emph{Disco Elysium}},
	author       = {{ZA/UM}},
	year         = 2019
}
@misc{dishonored,
	title        = {\emph{Dishonored}},
	author       = {{Bethesda Softworks}},
	year         = 2012
}
@misc{doors,
	title        = {\emph{Doors}},
	year         = 2021,
	url          = {https://doors.gua-le-ni.com/}
}
@misc{dujanah,
	title        = {\emph{Dujanah}},
	author       = {{Jack King-Spooner}},
	year         = 2017,
	month        = {September},
	day          = 19,
	howpublished = {Game [Windows]}
}
@misc{eterna,
	title        = {\emph{Eterna}},
	author       = {{Stanford University}},
	year         = 2010,
	note         = {\texttt{\url{https://eternagame.org/}}},
	howpublished = {Game [Web Browser, Android, iOS]}
}
@misc{eyewire,
	title        = {\emph{Eyewire}},
	author       = {{Princeton University}},
	year         = 2012,
	note         = {\texttt{\url{https://eyewire.org/explore}}},
	howpublished = {Game [Web Browser]}
}
@misc{fable,
	title        = {\emph{Fable}},
	author       = {{Xbox Game Studio}},
	year         = 2004
}
@misc{factorio,
	title        = {\emph{Factorio}},
	author       = {{Wube Software}},
	year         = 2016
}
@misc{florence,
	title        = {\emph{Florence}},
	author       = {{Annapurna Interactive}},
	year         = 2018
}
@misc{foldit,
	title        = {\emph{Foldit}},
	author       = {{University of Washington, Center for Game Science}},
	year         = 2008,
	note         = {\texttt{\url{https://fold.it/}}},
	howpublished = {Game [Windows, macOS, Linux]}
}
@misc{forgottencity,
	title        = {\emph{The Forgotten City}},
	author       = {{Dear Villagers}},
	year         = 2021
}
@misc{forgottenisland,
	title        = {\emph{Forgotten Island}},
	author       = {{Citizen Sort}},
	year         = 2013,
	note         = {\texttt{\url{https://citizensort.org/web.php/forgottenisland}}},
	howpublished = {Game [Web Browser]}
}
@misc{gatheringsky,
	title        = {\emph{Gathering Sky}},
	author       = {{Pontoco}},
	year         = 2015
}
@misc{gettingoverit,
	title        = {\emph{Getting Over It with Bennett Foddy}},
	author       = {{Noodlecake Studios}},
	year         = 2017
}
@misc{godofwar,
	title        = {\emph{God of War}},
	author       = {{Sony Interactive Entertainment}},
	year         = 2018
}
@misc{goliath,
	title        = {\emph{Goliath VR}},
	author       = {{Anagram}},
	year         = 2021,
	url          = {https://goliathvr.io/}
}
@misc{gonehome,
	title        = {\emph{Gone Home}},
	author       = {{The Fullbright Company}},
	year         = 2013,
	month        = {August},
	day          = 15,
	publisher    = {The Fullbright Company},
	address      = {Portland, Oregon},
	note         = {The Fullbright Company, Portland, Oregon},
	howpublished = {Game [Windows, macOS, Linux]}
}
@misc{gris,
	title        = {\emph{Gris}},
	author       = {{Devolver Digital}},
	year         = 2018
}
@misc{hellblade,
	title        = {\emph{Hellblade: Senua's Sacrifice}},
	author       = {{Ninja Theory}},
	year         = 2017
}
@misc{hollowknight,
	title        = {\emph{Hollow Knight}},
	author       = {{Team Cherry}},
	year         = 2017
}
@misc{horizonzerodawn,
	title        = {\emph{Horizon Zero Dawn}},
	author       = {{Guerrilla Games}},
	year         = 2017,
	month        = {February},
	day          = 28,
	publisher    = {Sony Interactive Entertainment},
	address      = {Amsterdam, Netherlands},
	note         = {Sony Interactive Entertainment},
	howpublished = {Game [PlayStation 4, Windows]}
}
@misc{howfishismade,
	title        = {\emph{How Fish Is Made}},
	author       = {{KASURAGA}, {Jeffrey Tomec}, {Martin Halldin}},
	year         = 2022,
	month        = {January},
	day          = 14,
	note         = {\texttt{\url{https://kasuraga.itch.io/how-fish-is-made}}},
	howpublished = {Game [Windows]}
}
@misc{journey,
	title        = {\emph{Journey}},
	author       = {{Thatgamecompany, Inc.}},
	year         = 2012,
	month        = {March},
	day          = 13,
	publisher    = {Sony Computer Entertainment, Annapurna Interactive},
	address      = {California, United States},
	note         = {Sony Computer Entertainment, Annapurna Interactive},
	howpublished = {Game [PlayStation 3, PlayStation 4, Windows, iOS]}
}
@misc{kerbal,
	title        = {\emph{Kerbal Space Program}},
	author       = {{Squad}},
	year         = 2015,
	month        = {April},
	day          = 27,
	publisher    = {Private Division},
	note         = {Private Division},
	howpublished = {Game [Windows, macOS, Linux, PlayStation 4, Xbox One, PlayStation 5, Xbox Series X/S]}
}
@misc{lastofustwo,
	title        = {\emph{The Last of Us Part II}},
	author       = {{Sony Interactive Entertainment}},
	year         = 2020
}
@misc{lifeisstrange,
	title        = {\emph{Life is Strange}},
	author       = {{Square Enix}},
	year         = 2015
}
@misc{limbo,
	title        = {\emph{Limbo}},
	author       = {{Playdead}},
	year         = 2010,
	month        = {July},
	day          = 21,
	publisher    = {Microsoft Game Studios},
	note         = {Microsoft Game Studios},
	howpublished = {Game [Xbox 360, PlayStation 3, Windows, macOS, Linux, Xbox One, PlayStation 4, PlayStation Vita, Nintendo Switch, iOS, Android]}
}
@misc{mafia,
	title        = {\emph{Mafia}},
	author       = {{Dimitry Davidoff}},
	year         = 1986,
	howpublished = {Party game}
}
@misc{malariabubbles,
	title        = {\emph{MalarisSpot Bubbles}},
	author       = {{Polytechnic University of Madrid, Spotlab}},
	year         = 2018,
	note         = {\texttt{\url{https://bubbles.malariaspot.org/}}},
	howpublished = {Game [Web Browser, iOS, Android]}
}
@misc{malariaspot,
	title        = {\emph{MalariaSpot}},
	author       = {{Polytechnic University of Madrid}},
	year         = 2015,
	note         = {\texttt{\url{https://malariaspot.org/en/}}},
	howpublished = {Game [Web Browser, iOS, Android}
}
@misc{marioparty2,
	title        = {\emph{Mario Party 2}},
	author       = {{Hudson Soft}},
	year         = 1999,
	month        = {December},
	day          = 17,
	publisher    = {Nintendo},
	note         = {Nintendo, Kyoto, Japan},
	howpublished = {Game [Nintendo 64]}
}
@misc{masseffect,
	title        = {\emph{Mass Effect 2}},
	author       = {{Electronic Arts}},
	year         = 2010
}
@misc{meQuanics,
	title        = {\emph{meQuanics}},
	author       = {{h-bar}},
	year         = 2016,
	note         = {\texttt{\url{http://www.mequanics.com.au/}}},
	howpublished = {Game [Web Browser]}
}
@misc{minecraft,
	title        = {\emph{Minecraft}},
	author       = {{Mojang Studios}},
	year         = 2009
}
@misc{mozak,
	title        = {\emph{Mozak}},
	author       = {{University of Washington Center for Game Science}},
	year         = 2016,
	note         = {\texttt{\url{https://www.mozak.science/landing}}},
	howpublished = {Game [Web Browser}
}
@misc{nierautomata,
	title        = {\emph{Nier: Automata}},
	author       = {{PlatinumGames}},
	year         = 2017,
	month        = {February},
	day          = 23,
	publisher    = {Square Enix},
	address      = {Osaka, Japan},
	note         = {Square Enix},
	howpublished = {Game [PlayStation 4, Windows, Xbox One, Nintendo Switch]}
}
@misc{oneshot,
	title        = {\emph{OneShot}},
	author       = {{Degica}},
	year         = 2016
}
@misc{ori,
	title        = {\emph{Ori and the Blind Forest}},
	author       = {{Moon Studios}},
	year         = 2015
}
@misc{outerwilds,
	title        = {\emph{Outer Wilds}},
	author       = {{Annapurna Interactive}},
	year         = 2019
}
@misc{papersplease,
	title        = {\emph{Papers, Please}},
	author       = {{3909 LLC}},
	year         = 2013
}
@misc{papoyo,
	title        = {\emph{Papo \& Yo}},
	author       = {{Minority Media Inc.}},
	year         = 2012,
	month        = {August},
	day          = 14,
	publisher    = {Minority Media Inc.},
	address      = {Montreal, Canada},
	note         = {Minority Media Inc., Montreal, Canada},
	howpublished = {Game [PlayStation 3, Windows, macOS, Linux]}
}
@misc{phylo,
	title        = {\emph{Phylo}},
	author       = {{McGill University}},
	year         = 2010,
	note         = {\texttt{\url{https://phylo.cs.mcgill.ca/}}},
	howpublished = {Game [Web Browser, Android, iOS]}
}
@misc{portal,
	title        = {\emph{Portal}},
	author       = {{Valve Corporation}},
	year         = 2007
}
@misc{prey2017,
	title        = {\emph{Prey}},
	author       = {{Arkane Austin}},
	year         = 2017,
	month        = {May},
	day          = 5,
	publisher    = {Bethesda Softworks},
	address      = {Austin, Texas},
	note         = {Bethesda Softworks, Rockville, Maryland},
	howpublished = {Game [PlayStation 4, Windows, Xbox One]}
}
@misc{quantumminds,
	title        = {\emph{Quantum Minds}},
	author       = {{ScienceAtHome}},
	year         = 2017,
	note         = {\texttt{\url{https://www.scienceathome.org/games/quantum-minds/}}},
	howpublished = {Game [Web Browser}
}
@misc{quantummoves2,
	title        = {\emph{Quantum Moves 2}},
	author       = {{ScienceAtHome}},
	year         = 2020,
	note         = {\texttt{\url{https://www.scienceathome.org/games/quantum-moves-2/}}},
	howpublished = {Game [Web Browser]}
}
@misc{sept12,
	title        = {\emph{September 12th}},
	author       = {{Newsgaming}},
	year         = 2003
}
@misc{shadowofthecolossus,
	title        = {\emph{Shadow of the Colossus}},
	author       = {{Japan Studio}, {Team Ico}},
	year         = 2005,
	month        = {October},
	day          = 18,
	publisher    = {Sony Computer Entertainment},
	address      = {Tokyo, Japan},
	note         = {Sony Computer Entertainment, Tokyo, Japan.},
	howpublished = {Game [PlayStation 2, PlayStation 4]}
}
@misc{sisyphus,
	title        = {\emph{Sisyphus}},
	author       = {{George Prosser}},
	year         = 2016,
	month        = {August},
	day          = 20,
	note         = {\texttt{\url{https://gprosser.itch.io/sisyphus}}},
	howpublished = {Game [Windows, macOS, Linux]}
}
@misc{skilllab,
	title        = {\emph{Skill Lab: Science Detective}},
	author       = {{ScienceAtHome}},
	year         = 2018,
	note         = {\texttt{\url{https://www.scienceathome.org/games/skill-lab-science-detective/}}},
	howpublished = {Game [Web Browser, iOS, Android}
}
@misc{soma,
	title        = {\emph{Soma}},
	author       = {{Frictional Games}},
	year         = 2015,
	month        = {September},
	day          = 22,
	publisher    = {Frictional Games},
	address      = {Malmö, Sweden},
	note         = {Frictional Games, Malmö, Sweden},
	howpublished = {Game [Linux, macOS, PlayStation 4, Windows, Xbox One]}
}
@misc{spacechem,
	title        = {\emph{SpaceChem}},
	author       = {{Zachtronics Industries}},
	year         = 2011,
	month        = {January},
	day          = 1,
	publisher    = {Zachtronics Industries},
	address      = {Washington, United States},
	note         = {Zachtronics Industries, Washington, United States},
	howpublished = {Game [Windows, macOS, Linux, iOS, Android]}
}
@misc{specops,
	title        = {\emph{Spec Ops: The Line}},
	author       = {{Yager Development}},
	year         = 2012,
	month        = {June},
	day          = 26,
	publisher    = {2K Games},
	address      = {Berlin, Germany},
	note         = {2K Games, Novato, California, USA},
	howpublished = {Game [Windows, PlayStation 3, Xbox 360, macOS, Linux]}
}
@misc{spent,
	title        = {\emph{SPENT}},
	author       = {{McKinney}},
	year         = 2011,
	url          = {https://playspent.org/}
}
@misc{stanleyparable,
	title        = {\emph{The Stanley Parable}},
	author       = {{Galactic Cafe}},
	year         = 2013,
	month        = {October},
	day          = 17,
	publisher    = {Galactic Cafe},
	note         = {Galactic Cafe},
	howpublished = {Game [Windows, macOS, Linux]}
}
@misc{tacoma,
	title        = {\emph{Tacoma}},
	author       = {{The Fullbright Company}},
	year         = 2017,
	month        = {August},
	day          = 2,
	publisher    = {The Fullbright Company},
	address      = {Portland, Oregon},
	note         = {The Fullbright Company, Portland, Oregon},
	howpublished = {Game [Linux, macOS, Windows, Xbox One]}
}
@misc{talosprinciple,
	title        = {\emph{The Talos Principle}},
	author       = {{Croteam}},
	year         = 2014,
	note         = {Devolver Digital}
}
@misc{thiswarofmine,
	title        = {\emph{This War of Mine}},
	author       = {{11 bit studios}},
	year         = 2014,
	month        = {November},
	day          = 14,
	publisher    = {11 bit studios},
	address      = {Warsaw, Poland},
	note         = {11 bit studios, Warsaw, Poland},
	howpublished = {Game [Windows, macOS, Linux, Android, iOS, PlayStation 4, Xbox One, Nintendo Switch, PlayStation 5, Xbox Series X/S]}
}
@misc{train,
	title        = {\emph{Train}},
	author       = {{Brenda Romero}},
	year         = 2009,
	howpublished = {Game [Board game]}
}
@misc{undertale,
	title        = {\emph{Undertale}},
	author       = {Fox, Toby},
	year         = 2015,
	month        = {September},
	day          = 15,
	publisher    = {Toby Fox},
	url          = {https://undertale.com/},
	note         = {Toby Fox, 8-4},
	howpublished = {Game [macOS, Windows, Linux, PlayStation 4, PlayStation Vita, Nintendo Switch, Xbox One]}
}
@misc{untildawn,
	title        = {\emph{Until Dawn}},
	author       = {{Supermassive Games}},
	year         = 2015,
	month        = {August},
	day          = 25,
	publisher    = {Sony Computer Entertainment},
	address      = {Guildford, Surrey, United Kingdom},
	note         = {Sony Computer Entertainment},
	howpublished = {Game [PlayStation 4]}
}
@misc{walden,
	title        = {\emph{Walden, a game}},
	author       = {{USC Game Innovation Lab}},
	year         = 2017,
	month        = {July},
	day          = 4,
	publisher    = {USC Games},
	note         = {USC Games},
	howpublished = {Game [Windows, macOS, PlayStation 4, Xbox One]}
}
@misc{watchdogs,
	title        = {\emph{Watch Dogs}},
	author       = {{Ubisoft Montreal}},
	year         = 2014,
	month        = {May},
	day          = 27,
	publisher    = {Ubisoft},
	address      = {Montreal, Canada},
	note         = {Ubisoft, Montreal, Canada.},
	howpublished = {Game [Windows, PlayStation 3, PlayStation 4, Xbox 360, XBox One, Wii U, Stadia]}
}
@misc{witness,
	title        = {\emph{The Witness}},
	author       = {{Thekla Inc.}},
	year         = 2016,
	note         = {Jonathan Blow},
	howpublished = {Game [PlayStation 4, Windows, Xbox One, Nvidia Shield, macOS, iOS]}
}
